%% PPGCC - CCN - UFPI

%% This BibTeX bibliography file was created using BibDesk.
%% http://bibdesk.sourceforge.net/

%% Exemplo de arquivo .bib a ser utilizado para gerar a Biliografia

@INPROCEEDINGS{Beel2011b,
  author = {{J}oeran {B}eel and {B}ela {G}ipp and {S}tefan {L}anger and {M}arcel
	{G}enzmehr and {E}rik {W}ilde and {A}ndreas {N}Ã¼rnberger and {J}im
	{P}itman},
  title = {{I}ntroducing {M}r. {DL}ib, a {M}achine-readable {D}igital {L}ibrary},
  booktitle = {{P}roceedings of the 11th {ACM}/{IEEE} {J}oint {C}onference on {D}igital
	{L}ibraries ({JCDL}`11)},
  year = {2011},
  note = {Available at http://docear.org},
  file = {:../../../literature_repository/Example PDFs/Mr. DLib -- A Machine Readable Digital Library.pdf:PDF},
  owner = {Docear},
  timestamp = {2012-08-20}
}
