
@book{braiman1984,
  title={Classification and Regression Trees},
  author={Breiman, L.},
  series={Chapman e Hall/CRC},
  year={1984},
}
@book{yohannes1999classification,
  title={Classification and Regression Trees, CART: A User Manual for Identifying Indicators of Vulnerability to Famine and Chronic Food Insecurity},
  author={Yohannes, Y. and Webb, P.},
  isbn={9780896293373},
  lccn={99022708},
  series={Microcomputers in policy research},
  url={https://books.google.com.br/books?id=7iuq4ikyNdoC},
  year={1999},
  publisher={International Food Policy Research Institute}
}
